%YAML 1.1
%TAG !u! tag:unity3d.com,2011:
--- !u!33 &3030669513675877741
MeshFilter:
  m_ObjectHideFlags: 0
  m_CorrespondingSourceObject: {fileID: 0}
  m_PrefabInstance: {fileID: 0}
  m_PrefabAsset: {fileID: 0}
  m_GameObject: {fileID: 3030669513676026469}
  m_Mesh: {fileID: 0}
--- !u!114 &3030669513675877742
MonoBehaviour:
  m_ObjectHideFlags: 0
  m_CorrespondingSourceObject: {fileID: 0}
  m_PrefabInstance: {fileID: 0}
  m_PrefabAsset: {fileID: 0}
  m_GameObject: {fileID: 3030669513676026469}
  m_Enabled: 1
  m_EditorHideFlags: 0
  m_Script: {fileID: 11500000, guid: 07ace373d1ea58a40add1477a44f4887, type: 3}
  m_Name: 
  m_EditorClassIdentifier: 
  anwsered: 0
  score: 3
  right_ans: D
  check: 0
  anis: []
--- !u!33 &3030669513897715448
MeshFilter:
  m_ObjectHideFlags: 0
  m_CorrespondingSourceObject: {fileID: 0}
  m_PrefabInstance: {fileID: 0}
  m_PrefabAsset: {fileID: 0}
  m_GameObject: {fileID: 3030669513897605624}
  m_Mesh: {fileID: 0}
--- !u!114 &3030669513897715449
MonoBehaviour:
  m_ObjectHideFlags: 0
  m_CorrespondingSourceObject: {fileID: 0}
  m_PrefabInstance: {fileID: 0}
  m_PrefabAsset: {fileID: 0}
  m_GameObject: {fileID: 3030669513897605624}
  m_Enabled: 1
  m_EditorHideFlags: 0
  m_Script: {fileID: 11500000, guid: 07ace373d1ea58a40add1477a44f4887, type: 3}
  m_Name: 
  m_EditorClassIdentifier: 
  anwsered: 0
  score: 3
  right_ans: D
  check: 0
  anis: []
--- !u!33 &3030669514180747402
MeshFilter:
  m_ObjectHideFlags: 0
  m_CorrespondingSourceObject: {fileID: 0}
  m_PrefabInstance: {fileID: 0}
  m_PrefabAsset: {fileID: 0}
  m_GameObject: {fileID: 3030669514180870026}
  m_Mesh: {fileID: 0}
--- !u!114 &3030669514180747403
MonoBehaviour:
  m_ObjectHideFlags: 0
  m_CorrespondingSourceObject: {fileID: 0}
  m_PrefabInstance: {fileID: 0}
  m_PrefabAsset: {fileID: 0}
  m_GameObject: {fileID: 3030669514180870026}
  m_Enabled: 1
  m_EditorHideFlags: 0
  m_Script: {fileID: 11500000, guid: 07ace373d1ea58a40add1477a44f4887, type: 3}
  m_Name: 
  m_EditorClassIdentifier: 
  anwsered: 0
  score: 3
  right_ans: C
  check: 0
  anis: []
--- !u!33 &3030669514334312057
MeshFilter:
  m_ObjectHideFlags: 0
  m_CorrespondingSourceObject: {fileID: 0}
  m_PrefabInstance: {fileID: 0}
  m_PrefabAsset: {fileID: 0}
  m_GameObject: {fileID: 3030669514334456185}
  m_Mesh: {fileID: 0}
--- !u!114 &3030669514334312058
MonoBehaviour:
  m_ObjectHideFlags: 0
  m_CorrespondingSourceObject: {fileID: 0}
  m_PrefabInstance: {fileID: 0}
  m_PrefabAsset: {fileID: 0}
  m_GameObject: {fileID: 3030669514334456185}
  m_Enabled: 1
  m_EditorHideFlags: 0
  m_Script: {fileID: 11500000, guid: 07ace373d1ea58a40add1477a44f4887, type: 3}
  m_Name: 
  m_EditorClassIdentifier: 
  anwsered: 0
  score: 3
  right_ans: A
  check: 0
  anis: []
--- !u!33 &3030669514504404681
MeshFilter:
  m_ObjectHideFlags: 0
  m_CorrespondingSourceObject: {fileID: 0}
  m_PrefabInstance: {fileID: 0}
  m_PrefabAsset: {fileID: 0}
  m_GameObject: {fileID: 3030669515412687391}
  m_Mesh: {fileID: 0}
--- !u!114 &3030669514504404682
MonoBehaviour:
  m_ObjectHideFlags: 0
  m_CorrespondingSourceObject: {fileID: 0}
  m_PrefabInstance: {fileID: 0}
  m_PrefabAsset: {fileID: 0}
  m_GameObject: {fileID: 3030669515412687391}
  m_Enabled: 1
  m_EditorHideFlags: 0
  m_Script: {fileID: 11500000, guid: 07ace373d1ea58a40add1477a44f4887, type: 3}
  m_Name: 
  m_EditorClassIdentifier: 
  anwsered: 0
  score: 3
  right_ans: A
  check: 0
  anis: []
--- !u!33 &3030669514646727155
MeshFilter:
  m_ObjectHideFlags: 0
  m_CorrespondingSourceObject: {fileID: 0}
  m_PrefabInstance: {fileID: 0}
  m_PrefabAsset: {fileID: 0}
  m_GameObject: {fileID: 3030669514646615747}
  m_Mesh: {fileID: 0}
--- !u!114 &3030669514646727116
MonoBehaviour:
  m_ObjectHideFlags: 0
  m_CorrespondingSourceObject: {fileID: 0}
  m_PrefabInstance: {fileID: 0}
  m_PrefabAsset: {fileID: 0}
  m_GameObject: {fileID: 3030669514646615747}
  m_Enabled: 1
  m_EditorHideFlags: 0
  m_Script: {fileID: 11500000, guid: 07ace373d1ea58a40add1477a44f4887, type: 3}
  m_Name: 
  m_EditorClassIdentifier: 
  anwsered: 0
  score: 3
  right_ans: D
  check: 0
  anis: []
--- !u!1 &3030669514918464882
GameObject:
  m_ObjectHideFlags: 0
  m_CorrespondingSourceObject: {fileID: 0}
  m_PrefabInstance: {fileID: 0}
  m_PrefabAsset: {fileID: 0}
  serializedVersion: 6
  m_Component:
  - component: {fileID: 3030669514918464881}
  m_Layer: 0
  m_Name: knowl
  m_TagString: Untagged
  m_Icon: {fileID: 0}
  m_NavMeshLayer: 0
  m_StaticEditorFlags: 0
  m_IsActive: 1
--- !u!4 &3030669514918464881
Transform:
  m_ObjectHideFlags: 0
  m_CorrespondingSourceObject: {fileID: 0}
  m_PrefabInstance: {fileID: 0}
  m_PrefabAsset: {fileID: 0}
  m_GameObject: {fileID: 3030669514918464882}
  m_LocalRotation: {x: 0, y: 0, z: 0, w: 1}
  m_LocalPosition: {x: 0, y: 0, z: 0}
  m_LocalScale: {x: 1, y: 1, z: 1}
  m_Children:
  - {fileID: 3030669513676251013}
  - {fileID: 3030669515209342404}
  - {fileID: 3030669515412465663}
  - {fileID: 3030669515388241911}
  - {fileID: 3030669515340799112}
  - {fileID: 3030669515124506649}
  - {fileID: 3030669514181153386}
  - {fileID: 3030669514334692505}
  - {fileID: 3030669514646313763}
  - {fileID: 3030669513897825304}
  m_Father: {fileID: 0}
  m_RootOrder: 0
  m_LocalEulerAnglesHint: {x: 0, y: 0, z: 0}
--- !u!33 &3030669515124699897
MeshFilter:
  m_ObjectHideFlags: 0
  m_CorrespondingSourceObject: {fileID: 0}
  m_PrefabInstance: {fileID: 0}
  m_PrefabAsset: {fileID: 0}
  m_GameObject: {fileID: 3030669515124813305}
  m_Mesh: {fileID: 0}
--- !u!114 &3030669515124699898
MonoBehaviour:
  m_ObjectHideFlags: 0
  m_CorrespondingSourceObject: {fileID: 0}
  m_PrefabInstance: {fileID: 0}
  m_PrefabAsset: {fileID: 0}
  m_GameObject: {fileID: 3030669515124813305}
  m_Enabled: 1
  m_EditorHideFlags: 0
  m_Script: {fileID: 11500000, guid: 07ace373d1ea58a40add1477a44f4887, type: 3}
  m_Name: 
  m_EditorClassIdentifier: 
  anwsered: 0
  score: 3
  right_ans: D
  check: 0
  anis: []
--- !u!33 &3030669515209740076
MeshFilter:
  m_ObjectHideFlags: 0
  m_CorrespondingSourceObject: {fileID: 0}
  m_PrefabInstance: {fileID: 0}
  m_PrefabAsset: {fileID: 0}
  m_GameObject: {fileID: 3030669515209625636}
  m_Mesh: {fileID: 0}
--- !u!114 &3030669515209740077
MonoBehaviour:
  m_ObjectHideFlags: 0
  m_CorrespondingSourceObject: {fileID: 0}
  m_PrefabInstance: {fileID: 0}
  m_PrefabAsset: {fileID: 0}
  m_GameObject: {fileID: 3030669515209625636}
  m_Enabled: 1
  m_EditorHideFlags: 0
  m_Script: {fileID: 11500000, guid: 07ace373d1ea58a40add1477a44f4887, type: 3}
  m_Name: 
  m_EditorClassIdentifier: 
  anwsered: 0
  score: 3
  right_ans: A
  check: 0
  anis: []
--- !u!33 &3030669515340426856
MeshFilter:
  m_ObjectHideFlags: 0
  m_CorrespondingSourceObject: {fileID: 0}
  m_PrefabInstance: {fileID: 0}
  m_PrefabAsset: {fileID: 0}
  m_GameObject: {fileID: 3030669515340575080}
  m_Mesh: {fileID: 0}
--- !u!114 &3030669515340426857
MonoBehaviour:
  m_ObjectHideFlags: 0
  m_CorrespondingSourceObject: {fileID: 0}
  m_PrefabInstance: {fileID: 0}
  m_PrefabAsset: {fileID: 0}
  m_GameObject: {fileID: 3030669515340575080}
  m_Enabled: 1
  m_EditorHideFlags: 0
  m_Script: {fileID: 11500000, guid: 07ace373d1ea58a40add1477a44f4887, type: 3}
  m_Name: 
  m_EditorClassIdentifier: 
  anwsered: 0
  score: 3
  right_ans: B
  check: 0
  anis: []
--- !u!33 &3030669515388400927
MeshFilter:
  m_ObjectHideFlags: 0
  m_CorrespondingSourceObject: {fileID: 0}
  m_PrefabInstance: {fileID: 0}
  m_PrefabAsset: {fileID: 0}
  m_GameObject: {fileID: 3030669515388545559}
  m_Mesh: {fileID: 0}
--- !u!114 &3030669515388400920
MonoBehaviour:
  m_ObjectHideFlags: 0
  m_CorrespondingSourceObject: {fileID: 0}
  m_PrefabInstance: {fileID: 0}
  m_PrefabAsset: {fileID: 0}
  m_GameObject: {fileID: 3030669515388545559}
  m_Enabled: 1
  m_EditorHideFlags: 0
  m_Script: {fileID: 11500000, guid: 07ace373d1ea58a40add1477a44f4887, type: 3}
  m_Name: 
  m_EditorClassIdentifier: 
  anwsered: 0
  score: 3
  right_ans: B
  check: 0
  anis: []
--- !u!1001 &3030669513675877737
PrefabInstance:
  m_ObjectHideFlags: 0
  serializedVersion: 2
  m_Modification:
    m_TransformParent: {fileID: 3030669514918464881}
    m_Modifications:
    - target: {fileID: 0}
      propertyPath: m_Mesh
      value: 
      objectReference: {fileID: 0}
    - target: {fileID: 155404, guid: ba03d401ab539eb4195d7b5143366741, type: 3}
      propertyPath: m_Name
      value: Q_knowl_1_ob
      objectReference: {fileID: 0}
    - target: {fileID: 455404, guid: ba03d401ab539eb4195d7b5143366741, type: 3}
      propertyPath: m_LocalPosition.x
      value: 0
      objectReference: {fileID: 0}
    - target: {fileID: 455404, guid: ba03d401ab539eb4195d7b5143366741, type: 3}
      propertyPath: m_LocalPosition.y
      value: 0
      objectReference: {fileID: 0}
    - target: {fileID: 455404, guid: ba03d401ab539eb4195d7b5143366741, type: 3}
      propertyPath: m_LocalPosition.z
      value: 0
      objectReference: {fileID: 0}
    - target: {fileID: 455404, guid: ba03d401ab539eb4195d7b5143366741, type: 3}
      propertyPath: m_LocalRotation.x
      value: -0
      objectReference: {fileID: 0}
    - target: {fileID: 455404, guid: ba03d401ab539eb4195d7b5143366741, type: 3}
      propertyPath: m_LocalRotation.y
      value: -0
      objectReference: {fileID: 0}
    - target: {fileID: 455404, guid: ba03d401ab539eb4195d7b5143366741, type: 3}
      propertyPath: m_LocalRotation.z
      value: -0
      objectReference: {fileID: 0}
    - target: {fileID: 455404, guid: ba03d401ab539eb4195d7b5143366741, type: 3}
      propertyPath: m_LocalRotation.w
      value: 1
      objectReference: {fileID: 0}
    - target: {fileID: 455404, guid: ba03d401ab539eb4195d7b5143366741, type: 3}
      propertyPath: m_RootOrder
      value: 0
      objectReference: {fileID: 0}
    - target: {fileID: 455404, guid: ba03d401ab539eb4195d7b5143366741, type: 3}
      propertyPath: m_LocalEulerAnglesHint.x
      value: 0
      objectReference: {fileID: 0}
    - target: {fileID: 455404, guid: ba03d401ab539eb4195d7b5143366741, type: 3}
      propertyPath: m_LocalEulerAnglesHint.y
      value: 0
      objectReference: {fileID: 0}
    - target: {fileID: 455404, guid: ba03d401ab539eb4195d7b5143366741, type: 3}
      propertyPath: m_LocalEulerAnglesHint.z
      value: 0
      objectReference: {fileID: 0}
    - target: {fileID: 11439474, guid: ba03d401ab539eb4195d7b5143366741, type: 3}
      propertyPath: trackerBaseBehaviour
      value: 
      objectReference: {fileID: 0}
    m_RemovedComponents: []
  m_SourcePrefab: {fileID: 100100000, guid: ba03d401ab539eb4195d7b5143366741, type: 3}
--- !u!1 &3030669513676026469 stripped
GameObject:
  m_CorrespondingSourceObject: {fileID: 155404, guid: ba03d401ab539eb4195d7b5143366741,
    type: 3}
  m_PrefabInstance: {fileID: 3030669513675877737}
  m_PrefabAsset: {fileID: 0}
--- !u!4 &3030669513676251013 stripped
Transform:
  m_CorrespondingSourceObject: {fileID: 455404, guid: ba03d401ab539eb4195d7b5143366741,
    type: 3}
  m_PrefabInstance: {fileID: 3030669513675877737}
  m_PrefabAsset: {fileID: 0}
--- !u!1001 &3030669513897715444
PrefabInstance:
  m_ObjectHideFlags: 0
  serializedVersion: 2
  m_Modification:
    m_TransformParent: {fileID: 3030669514918464881}
    m_Modifications:
    - target: {fileID: 0}
      propertyPath: m_Mesh
      value: 
      objectReference: {fileID: 0}
    - target: {fileID: 155404, guid: ba03d401ab539eb4195d7b5143366741, type: 3}
      propertyPath: m_Name
      value: Q_knowl_10_ob
      objectReference: {fileID: 0}
    - target: {fileID: 155404, guid: ba03d401ab539eb4195d7b5143366741, type: 3}
      propertyPath: m_IsActive
      value: 1
      objectReference: {fileID: 0}
    - target: {fileID: 155404, guid: ba03d401ab539eb4195d7b5143366741, type: 3}
      propertyPath: m_TagString
      value: card
      objectReference: {fileID: 0}
    - target: {fileID: 455404, guid: ba03d401ab539eb4195d7b5143366741, type: 3}
      propertyPath: m_LocalPosition.x
      value: 0
      objectReference: {fileID: 0}
    - target: {fileID: 455404, guid: ba03d401ab539eb4195d7b5143366741, type: 3}
      propertyPath: m_LocalPosition.y
      value: 0
      objectReference: {fileID: 0}
    - target: {fileID: 455404, guid: ba03d401ab539eb4195d7b5143366741, type: 3}
      propertyPath: m_LocalPosition.z
      value: 0
      objectReference: {fileID: 0}
    - target: {fileID: 455404, guid: ba03d401ab539eb4195d7b5143366741, type: 3}
      propertyPath: m_LocalRotation.x
      value: -0
      objectReference: {fileID: 0}
    - target: {fileID: 455404, guid: ba03d401ab539eb4195d7b5143366741, type: 3}
      propertyPath: m_LocalRotation.y
      value: -0
      objectReference: {fileID: 0}
    - target: {fileID: 455404, guid: ba03d401ab539eb4195d7b5143366741, type: 3}
      propertyPath: m_LocalRotation.z
      value: -0
      objectReference: {fileID: 0}
    - target: {fileID: 455404, guid: ba03d401ab539eb4195d7b5143366741, type: 3}
      propertyPath: m_LocalRotation.w
      value: 1
      objectReference: {fileID: 0}
    - target: {fileID: 455404, guid: ba03d401ab539eb4195d7b5143366741, type: 3}
      propertyPath: m_RootOrder
      value: 9
      objectReference: {fileID: 0}
    - target: {fileID: 455404, guid: ba03d401ab539eb4195d7b5143366741, type: 3}
      propertyPath: m_LocalScale.x
      value: 166
      objectReference: {fileID: 0}
    - target: {fileID: 455404, guid: ba03d401ab539eb4195d7b5143366741, type: 3}
      propertyPath: m_LocalScale.y
      value: 166
      objectReference: {fileID: 0}
    - target: {fileID: 455404, guid: ba03d401ab539eb4195d7b5143366741, type: 3}
      propertyPath: m_LocalScale.z
      value: 166
      objectReference: {fileID: 0}
    - target: {fileID: 11439474, guid: ba03d401ab539eb4195d7b5143366741, type: 3}
      propertyPath: trackerBaseBehaviour
      value: 
      objectReference: {fileID: 0}
    - target: {fileID: 11439474, guid: ba03d401ab539eb4195d7b5143366741, type: 3}
      propertyPath: trackerBaseBehaviourHasSet
      value: 1
      objectReference: {fileID: 0}
    - target: {fileID: 11439474, guid: ba03d401ab539eb4195d7b5143366741, type: 3}
      propertyPath: Path
      value: Q_knowl_10.png
      objectReference: {fileID: 0}
    - target: {fileID: 11439474, guid: ba03d401ab539eb4195d7b5143366741, type: 3}
      propertyPath: Name
      value: Q_knowl_10
      objectReference: {fileID: 0}
    - target: {fileID: 11439474, guid: ba03d401ab539eb4195d7b5143366741, type: 3}
      propertyPath: Size.x
      value: 108
      objectReference: {fileID: 0}
    - target: {fileID: 11439474, guid: ba03d401ab539eb4195d7b5143366741, type: 3}
      propertyPath: Size.y
      value: 166
      objectReference: {fileID: 0}
    - target: {fileID: 11439474, guid: ba03d401ab539eb4195d7b5143366741, type: 3}
      propertyPath: Storage
      value: 1
      objectReference: {fileID: 0}
    m_RemovedComponents: []
  m_SourcePrefab: {fileID: 100100000, guid: ba03d401ab539eb4195d7b5143366741, type: 3}
--- !u!4 &3030669513897825304 stripped
Transform:
  m_CorrespondingSourceObject: {fileID: 455404, guid: ba03d401ab539eb4195d7b5143366741,
    type: 3}
  m_PrefabInstance: {fileID: 3030669513897715444}
  m_PrefabAsset: {fileID: 0}
--- !u!1 &3030669513897605624 stripped
GameObject:
  m_CorrespondingSourceObject: {fileID: 155404, guid: ba03d401ab539eb4195d7b5143366741,
    type: 3}
  m_PrefabInstance: {fileID: 3030669513897715444}
  m_PrefabAsset: {fileID: 0}
--- !u!1001 &3030669514180747398
PrefabInstance:
  m_ObjectHideFlags: 0
  serializedVersion: 2
  m_Modification:
    m_TransformParent: {fileID: 3030669514918464881}
    m_Modifications:
    - target: {fileID: 0}
      propertyPath: m_Mesh
      value: 
      objectReference: {fileID: 0}
    - target: {fileID: 155404, guid: ba03d401ab539eb4195d7b5143366741, type: 3}
      propertyPath: m_Name
      value: Q_knowl_7_ob
      objectReference: {fileID: 0}
    - target: {fileID: 155404, guid: ba03d401ab539eb4195d7b5143366741, type: 3}
      propertyPath: m_IsActive
      value: 1
      objectReference: {fileID: 0}
    - target: {fileID: 155404, guid: ba03d401ab539eb4195d7b5143366741, type: 3}
      propertyPath: m_TagString
      value: card
      objectReference: {fileID: 0}
    - target: {fileID: 455404, guid: ba03d401ab539eb4195d7b5143366741, type: 3}
      propertyPath: m_LocalPosition.x
      value: 0
      objectReference: {fileID: 0}
    - target: {fileID: 455404, guid: ba03d401ab539eb4195d7b5143366741, type: 3}
      propertyPath: m_LocalPosition.y
      value: 0
      objectReference: {fileID: 0}
    - target: {fileID: 455404, guid: ba03d401ab539eb4195d7b5143366741, type: 3}
      propertyPath: m_LocalPosition.z
      value: 0
      objectReference: {fileID: 0}
    - target: {fileID: 455404, guid: ba03d401ab539eb4195d7b5143366741, type: 3}
      propertyPath: m_LocalRotation.x
      value: -0
      objectReference: {fileID: 0}
    - target: {fileID: 455404, guid: ba03d401ab539eb4195d7b5143366741, type: 3}
      propertyPath: m_LocalRotation.y
      value: -0
      objectReference: {fileID: 0}
    - target: {fileID: 455404, guid: ba03d401ab539eb4195d7b5143366741, type: 3}
      propertyPath: m_LocalRotation.z
      value: -0
      objectReference: {fileID: 0}
    - target: {fileID: 455404, guid: ba03d401ab539eb4195d7b5143366741, type: 3}
      propertyPath: m_LocalRotation.w
      value: 1
      objectReference: {fileID: 0}
    - target: {fileID: 455404, guid: ba03d401ab539eb4195d7b5143366741, type: 3}
      propertyPath: m_RootOrder
      value: 6
      objectReference: {fileID: 0}
    - target: {fileID: 455404, guid: ba03d401ab539eb4195d7b5143366741, type: 3}
      propertyPath: m_LocalScale.x
      value: 166
      objectReference: {fileID: 0}
    - target: {fileID: 455404, guid: ba03d401ab539eb4195d7b5143366741, type: 3}
      propertyPath: m_LocalScale.y
      value: 166
      objectReference: {fileID: 0}
    - target: {fileID: 455404, guid: ba03d401ab539eb4195d7b5143366741, type: 3}
      propertyPath: m_LocalScale.z
      value: 166
      objectReference: {fileID: 0}
    - target: {fileID: 11439474, guid: ba03d401ab539eb4195d7b5143366741, type: 3}
      propertyPath: trackerBaseBehaviour
      value: 
      objectReference: {fileID: 0}
    - target: {fileID: 11439474, guid: ba03d401ab539eb4195d7b5143366741, type: 3}
      propertyPath: trackerBaseBehaviourHasSet
      value: 1
      objectReference: {fileID: 0}
    - target: {fileID: 11439474, guid: ba03d401ab539eb4195d7b5143366741, type: 3}
      propertyPath: Path
      value: Q_knowl_7.png
      objectReference: {fileID: 0}
    - target: {fileID: 11439474, guid: ba03d401ab539eb4195d7b5143366741, type: 3}
      propertyPath: Name
      value: Q_knowl_7
      objectReference: {fileID: 0}
    - target: {fileID: 11439474, guid: ba03d401ab539eb4195d7b5143366741, type: 3}
      propertyPath: Size.x
      value: 108
      objectReference: {fileID: 0}
    - target: {fileID: 11439474, guid: ba03d401ab539eb4195d7b5143366741, type: 3}
      propertyPath: Size.y
      value: 166
      objectReference: {fileID: 0}
    - target: {fileID: 11439474, guid: ba03d401ab539eb4195d7b5143366741, type: 3}
      propertyPath: Storage
      value: 1
      objectReference: {fileID: 0}
    m_RemovedComponents: []
  m_SourcePrefab: {fileID: 100100000, guid: ba03d401ab539eb4195d7b5143366741, type: 3}
--- !u!4 &3030669514181153386 stripped
Transform:
  m_CorrespondingSourceObject: {fileID: 455404, guid: ba03d401ab539eb4195d7b5143366741,
    type: 3}
  m_PrefabInstance: {fileID: 3030669514180747398}
  m_PrefabAsset: {fileID: 0}
--- !u!1 &3030669514180870026 stripped
GameObject:
  m_CorrespondingSourceObject: {fileID: 155404, guid: ba03d401ab539eb4195d7b5143366741,
    type: 3}
  m_PrefabInstance: {fileID: 3030669514180747398}
  m_PrefabAsset: {fileID: 0}
--- !u!1001 &3030669514334312053
PrefabInstance:
  m_ObjectHideFlags: 0
  serializedVersion: 2
  m_Modification:
    m_TransformParent: {fileID: 3030669514918464881}
    m_Modifications:
    - target: {fileID: 0}
      propertyPath: m_Mesh
      value: 
      objectReference: {fileID: 0}
    - target: {fileID: 155404, guid: ba03d401ab539eb4195d7b5143366741, type: 3}
      propertyPath: m_Name
      value: Q_knowl_8_ob
      objectReference: {fileID: 0}
    - target: {fileID: 155404, guid: ba03d401ab539eb4195d7b5143366741, type: 3}
      propertyPath: m_IsActive
      value: 1
      objectReference: {fileID: 0}
    - target: {fileID: 155404, guid: ba03d401ab539eb4195d7b5143366741, type: 3}
      propertyPath: m_TagString
      value: card
      objectReference: {fileID: 0}
    - target: {fileID: 455404, guid: ba03d401ab539eb4195d7b5143366741, type: 3}
      propertyPath: m_LocalPosition.x
      value: 0
      objectReference: {fileID: 0}
    - target: {fileID: 455404, guid: ba03d401ab539eb4195d7b5143366741, type: 3}
      propertyPath: m_LocalPosition.y
      value: 0
      objectReference: {fileID: 0}
    - target: {fileID: 455404, guid: ba03d401ab539eb4195d7b5143366741, type: 3}
      propertyPath: m_LocalPosition.z
      value: 0
      objectReference: {fileID: 0}
    - target: {fileID: 455404, guid: ba03d401ab539eb4195d7b5143366741, type: 3}
      propertyPath: m_LocalRotation.x
      value: -0
      objectReference: {fileID: 0}
    - target: {fileID: 455404, guid: ba03d401ab539eb4195d7b5143366741, type: 3}
      propertyPath: m_LocalRotation.y
      value: -0
      objectReference: {fileID: 0}
    - target: {fileID: 455404, guid: ba03d401ab539eb4195d7b5143366741, type: 3}
      propertyPath: m_LocalRotation.z
      value: -0
      objectReference: {fileID: 0}
    - target: {fileID: 455404, guid: ba03d401ab539eb4195d7b5143366741, type: 3}
      propertyPath: m_LocalRotation.w
      value: 1
      objectReference: {fileID: 0}
    - target: {fileID: 455404, guid: ba03d401ab539eb4195d7b5143366741, type: 3}
      propertyPath: m_RootOrder
      value: 7
      objectReference: {fileID: 0}
    - target: {fileID: 455404, guid: ba03d401ab539eb4195d7b5143366741, type: 3}
      propertyPath: m_LocalScale.x
      value: 166
      objectReference: {fileID: 0}
    - target: {fileID: 455404, guid: ba03d401ab539eb4195d7b5143366741, type: 3}
      propertyPath: m_LocalScale.y
      value: 166
      objectReference: {fileID: 0}
    - target: {fileID: 455404, guid: ba03d401ab539eb4195d7b5143366741, type: 3}
      propertyPath: m_LocalScale.z
      value: 166
      objectReference: {fileID: 0}
    - target: {fileID: 11439474, guid: ba03d401ab539eb4195d7b5143366741, type: 3}
      propertyPath: trackerBaseBehaviour
      value: 
      objectReference: {fileID: 0}
    - target: {fileID: 11439474, guid: ba03d401ab539eb4195d7b5143366741, type: 3}
      propertyPath: trackerBaseBehaviourHasSet
      value: 1
      objectReference: {fileID: 0}
    - target: {fileID: 11439474, guid: ba03d401ab539eb4195d7b5143366741, type: 3}
      propertyPath: Path
      value: Q_knowl_8.png
      objectReference: {fileID: 0}
    - target: {fileID: 11439474, guid: ba03d401ab539eb4195d7b5143366741, type: 3}
      propertyPath: Name
      value: Q_knowl_8
      objectReference: {fileID: 0}
    - target: {fileID: 11439474, guid: ba03d401ab539eb4195d7b5143366741, type: 3}
      propertyPath: Size.x
      value: 108
      objectReference: {fileID: 0}
    - target: {fileID: 11439474, guid: ba03d401ab539eb4195d7b5143366741, type: 3}
      propertyPath: Size.y
      value: 166
      objectReference: {fileID: 0}
    - target: {fileID: 11439474, guid: ba03d401ab539eb4195d7b5143366741, type: 3}
      propertyPath: Storage
      value: 1
      objectReference: {fileID: 0}
    m_RemovedComponents: []
  m_SourcePrefab: {fileID: 100100000, guid: ba03d401ab539eb4195d7b5143366741, type: 3}
--- !u!1 &3030669514334456185 stripped
GameObject:
  m_CorrespondingSourceObject: {fileID: 155404, guid: ba03d401ab539eb4195d7b5143366741,
    type: 3}
  m_PrefabInstance: {fileID: 3030669514334312053}
  m_PrefabAsset: {fileID: 0}
--- !u!4 &3030669514334692505 stripped
Transform:
  m_CorrespondingSourceObject: {fileID: 455404, guid: ba03d401ab539eb4195d7b5143366741,
    type: 3}
  m_PrefabInstance: {fileID: 3030669514334312053}
  m_PrefabAsset: {fileID: 0}
--- !u!1001 &3030669514646727119
PrefabInstance:
  m_ObjectHideFlags: 0
  serializedVersion: 2
  m_Modification:
    m_TransformParent: {fileID: 3030669514918464881}
    m_Modifications:
    - target: {fileID: 0}
      propertyPath: m_Mesh
      value: 
      objectReference: {fileID: 0}
    - target: {fileID: 155404, guid: ba03d401ab539eb4195d7b5143366741, type: 3}
      propertyPath: m_Name
      value: Q_knowl_9_ob
      objectReference: {fileID: 0}
    - target: {fileID: 155404, guid: ba03d401ab539eb4195d7b5143366741, type: 3}
      propertyPath: m_IsActive
      value: 1
      objectReference: {fileID: 0}
    - target: {fileID: 155404, guid: ba03d401ab539eb4195d7b5143366741, type: 3}
      propertyPath: m_TagString
      value: card
      objectReference: {fileID: 0}
    - target: {fileID: 455404, guid: ba03d401ab539eb4195d7b5143366741, type: 3}
      propertyPath: m_LocalPosition.x
      value: 0
      objectReference: {fileID: 0}
    - target: {fileID: 455404, guid: ba03d401ab539eb4195d7b5143366741, type: 3}
      propertyPath: m_LocalPosition.y
      value: 0
      objectReference: {fileID: 0}
    - target: {fileID: 455404, guid: ba03d401ab539eb4195d7b5143366741, type: 3}
      propertyPath: m_LocalPosition.z
      value: 0
      objectReference: {fileID: 0}
    - target: {fileID: 455404, guid: ba03d401ab539eb4195d7b5143366741, type: 3}
      propertyPath: m_LocalRotation.x
      value: -0
      objectReference: {fileID: 0}
    - target: {fileID: 455404, guid: ba03d401ab539eb4195d7b5143366741, type: 3}
      propertyPath: m_LocalRotation.y
      value: -0
      objectReference: {fileID: 0}
    - target: {fileID: 455404, guid: ba03d401ab539eb4195d7b5143366741, type: 3}
      propertyPath: m_LocalRotation.z
      value: -0
      objectReference: {fileID: 0}
    - target: {fileID: 455404, guid: ba03d401ab539eb4195d7b5143366741, type: 3}
      propertyPath: m_LocalRotation.w
      value: 1
      objectReference: {fileID: 0}
    - target: {fileID: 455404, guid: ba03d401ab539eb4195d7b5143366741, type: 3}
      propertyPath: m_RootOrder
      value: 8
      objectReference: {fileID: 0}
    - target: {fileID: 455404, guid: ba03d401ab539eb4195d7b5143366741, type: 3}
      propertyPath: m_LocalScale.x
      value: 166
      objectReference: {fileID: 0}
    - target: {fileID: 455404, guid: ba03d401ab539eb4195d7b5143366741, type: 3}
      propertyPath: m_LocalScale.y
      value: 166
      objectReference: {fileID: 0}
    - target: {fileID: 455404, guid: ba03d401ab539eb4195d7b5143366741, type: 3}
      propertyPath: m_LocalScale.z
      value: 166
      objectReference: {fileID: 0}
    - target: {fileID: 11439474, guid: ba03d401ab539eb4195d7b5143366741, type: 3}
      propertyPath: trackerBaseBehaviour
      value: 
      objectReference: {fileID: 0}
    - target: {fileID: 11439474, guid: ba03d401ab539eb4195d7b5143366741, type: 3}
      propertyPath: trackerBaseBehaviourHasSet
      value: 1
      objectReference: {fileID: 0}
    - target: {fileID: 11439474, guid: ba03d401ab539eb4195d7b5143366741, type: 3}
      propertyPath: Path
      value: Q_knowl_9.png
      objectReference: {fileID: 0}
    - target: {fileID: 11439474, guid: ba03d401ab539eb4195d7b5143366741, type: 3}
      propertyPath: Name
      value: Q_knowl_9
      objectReference: {fileID: 0}
    - target: {fileID: 11439474, guid: ba03d401ab539eb4195d7b5143366741, type: 3}
      propertyPath: Size.x
      value: 108
      objectReference: {fileID: 0}
    - target: {fileID: 11439474, guid: ba03d401ab539eb4195d7b5143366741, type: 3}
      propertyPath: Size.y
      value: 166
      objectReference: {fileID: 0}
    - target: {fileID: 11439474, guid: ba03d401ab539eb4195d7b5143366741, type: 3}
      propertyPath: Storage
      value: 1
      objectReference: {fileID: 0}
    m_RemovedComponents: []
  m_SourcePrefab: {fileID: 100100000, guid: ba03d401ab539eb4195d7b5143366741, type: 3}
--- !u!4 &3030669514646313763 stripped
Transform:
  m_CorrespondingSourceObject: {fileID: 455404, guid: ba03d401ab539eb4195d7b5143366741,
    type: 3}
  m_PrefabInstance: {fileID: 3030669514646727119}
  m_PrefabAsset: {fileID: 0}
--- !u!1 &3030669514646615747 stripped
GameObject:
  m_CorrespondingSourceObject: {fileID: 155404, guid: ba03d401ab539eb4195d7b5143366741,
    type: 3}
  m_PrefabInstance: {fileID: 3030669514646727119}
  m_PrefabAsset: {fileID: 0}
--- !u!1001 &3030669515124699893
PrefabInstance:
  m_ObjectHideFlags: 0
  serializedVersion: 2
  m_Modification:
    m_TransformParent: {fileID: 3030669514918464881}
    m_Modifications:
    - target: {fileID: 0}
      propertyPath: m_Mesh
      value: 
      objectReference: {fileID: 0}
    - target: {fileID: 155404, guid: ba03d401ab539eb4195d7b5143366741, type: 3}
      propertyPath: m_Name
      value: Q_knowl_6_ob
      objectReference: {fileID: 0}
    - target: {fileID: 155404, guid: ba03d401ab539eb4195d7b5143366741, type: 3}
      propertyPath: m_IsActive
      value: 1
      objectReference: {fileID: 0}
    - target: {fileID: 155404, guid: ba03d401ab539eb4195d7b5143366741, type: 3}
      propertyPath: m_TagString
      value: card
      objectReference: {fileID: 0}
    - target: {fileID: 455404, guid: ba03d401ab539eb4195d7b5143366741, type: 3}
      propertyPath: m_LocalPosition.x
      value: 0
      objectReference: {fileID: 0}
    - target: {fileID: 455404, guid: ba03d401ab539eb4195d7b5143366741, type: 3}
      propertyPath: m_LocalPosition.y
      value: 0
      objectReference: {fileID: 0}
    - target: {fileID: 455404, guid: ba03d401ab539eb4195d7b5143366741, type: 3}
      propertyPath: m_LocalPosition.z
      value: 0
      objectReference: {fileID: 0}
    - target: {fileID: 455404, guid: ba03d401ab539eb4195d7b5143366741, type: 3}
      propertyPath: m_LocalRotation.x
      value: -0
      objectReference: {fileID: 0}
    - target: {fileID: 455404, guid: ba03d401ab539eb4195d7b5143366741, type: 3}
      propertyPath: m_LocalRotation.y
      value: -0
      objectReference: {fileID: 0}
    - target: {fileID: 455404, guid: ba03d401ab539eb4195d7b5143366741, type: 3}
      propertyPath: m_LocalRotation.z
      value: -0
      objectReference: {fileID: 0}
    - target: {fileID: 455404, guid: ba03d401ab539eb4195d7b5143366741, type: 3}
      propertyPath: m_LocalRotation.w
      value: 1
      objectReference: {fileID: 0}
    - target: {fileID: 455404, guid: ba03d401ab539eb4195d7b5143366741, type: 3}
      propertyPath: m_RootOrder
      value: 5
      objectReference: {fileID: 0}
    - target: {fileID: 455404, guid: ba03d401ab539eb4195d7b5143366741, type: 3}
      propertyPath: m_LocalScale.x
      value: 166
      objectReference: {fileID: 0}
    - target: {fileID: 455404, guid: ba03d401ab539eb4195d7b5143366741, type: 3}
      propertyPath: m_LocalScale.y
      value: 166
      objectReference: {fileID: 0}
    - target: {fileID: 455404, guid: ba03d401ab539eb4195d7b5143366741, type: 3}
      propertyPath: m_LocalScale.z
      value: 166
      objectReference: {fileID: 0}
    - target: {fileID: 11439474, guid: ba03d401ab539eb4195d7b5143366741, type: 3}
      propertyPath: trackerBaseBehaviour
      value: 
      objectReference: {fileID: 0}
    - target: {fileID: 11439474, guid: ba03d401ab539eb4195d7b5143366741, type: 3}
      propertyPath: trackerBaseBehaviourHasSet
      value: 1
      objectReference: {fileID: 0}
    - target: {fileID: 11439474, guid: ba03d401ab539eb4195d7b5143366741, type: 3}
      propertyPath: Path
      value: Q_knowl_6.png
      objectReference: {fileID: 0}
    - target: {fileID: 11439474, guid: ba03d401ab539eb4195d7b5143366741, type: 3}
      propertyPath: Name
      value: Q_knowl_6
      objectReference: {fileID: 0}
    - target: {fileID: 11439474, guid: ba03d401ab539eb4195d7b5143366741, type: 3}
      propertyPath: Size.x
      value: 108
      objectReference: {fileID: 0}
    - target: {fileID: 11439474, guid: ba03d401ab539eb4195d7b5143366741, type: 3}
      propertyPath: Size.y
      value: 166
      objectReference: {fileID: 0}
    - target: {fileID: 11439474, guid: ba03d401ab539eb4195d7b5143366741, type: 3}
      propertyPath: Storage
      value: 1
      objectReference: {fileID: 0}
    m_RemovedComponents: []
  m_SourcePrefab: {fileID: 100100000, guid: ba03d401ab539eb4195d7b5143366741, type: 3}
--- !u!1 &3030669515124813305 stripped
GameObject:
  m_CorrespondingSourceObject: {fileID: 155404, guid: ba03d401ab539eb4195d7b5143366741,
    type: 3}
  m_PrefabInstance: {fileID: 3030669515124699893}
  m_PrefabAsset: {fileID: 0}
--- !u!4 &3030669515124506649 stripped
Transform:
  m_CorrespondingSourceObject: {fileID: 455404, guid: ba03d401ab539eb4195d7b5143366741,
    type: 3}
  m_PrefabInstance: {fileID: 3030669515124699893}
  m_PrefabAsset: {fileID: 0}
--- !u!1001 &3030669515209740072
PrefabInstance:
  m_ObjectHideFlags: 0
  serializedVersion: 2
  m_Modification:
    m_TransformParent: {fileID: 3030669514918464881}
    m_Modifications:
    - target: {fileID: 0}
      propertyPath: m_Mesh
      value: 
      objectReference: {fileID: 0}
    - target: {fileID: 155404, guid: ba03d401ab539eb4195d7b5143366741, type: 3}
      propertyPath: m_Name
      value: Q_knowl_2_ob
      objectReference: {fileID: 0}
    - target: {fileID: 155404, guid: ba03d401ab539eb4195d7b5143366741, type: 3}
      propertyPath: m_IsActive
      value: 1
      objectReference: {fileID: 0}
    - target: {fileID: 155404, guid: ba03d401ab539eb4195d7b5143366741, type: 3}
      propertyPath: m_TagString
      value: card
      objectReference: {fileID: 0}
    - target: {fileID: 455404, guid: ba03d401ab539eb4195d7b5143366741, type: 3}
      propertyPath: m_LocalPosition.x
      value: 0
      objectReference: {fileID: 0}
    - target: {fileID: 455404, guid: ba03d401ab539eb4195d7b5143366741, type: 3}
      propertyPath: m_LocalPosition.y
      value: 0
      objectReference: {fileID: 0}
    - target: {fileID: 455404, guid: ba03d401ab539eb4195d7b5143366741, type: 3}
      propertyPath: m_LocalPosition.z
      value: 0
      objectReference: {fileID: 0}
    - target: {fileID: 455404, guid: ba03d401ab539eb4195d7b5143366741, type: 3}
      propertyPath: m_LocalRotation.x
      value: -0
      objectReference: {fileID: 0}
    - target: {fileID: 455404, guid: ba03d401ab539eb4195d7b5143366741, type: 3}
      propertyPath: m_LocalRotation.y
      value: -0
      objectReference: {fileID: 0}
    - target: {fileID: 455404, guid: ba03d401ab539eb4195d7b5143366741, type: 3}
      propertyPath: m_LocalRotation.z
      value: -0
      objectReference: {fileID: 0}
    - target: {fileID: 455404, guid: ba03d401ab539eb4195d7b5143366741, type: 3}
      propertyPath: m_LocalRotation.w
      value: 1
      objectReference: {fileID: 0}
    - target: {fileID: 455404, guid: ba03d401ab539eb4195d7b5143366741, type: 3}
      propertyPath: m_RootOrder
      value: 1
      objectReference: {fileID: 0}
    - target: {fileID: 455404, guid: ba03d401ab539eb4195d7b5143366741, type: 3}
      propertyPath: m_LocalScale.x
      value: 166
      objectReference: {fileID: 0}
    - target: {fileID: 455404, guid: ba03d401ab539eb4195d7b5143366741, type: 3}
      propertyPath: m_LocalScale.y
      value: 166
      objectReference: {fileID: 0}
    - target: {fileID: 455404, guid: ba03d401ab539eb4195d7b5143366741, type: 3}
      propertyPath: m_LocalScale.z
      value: 166
      objectReference: {fileID: 0}
    - target: {fileID: 11439474, guid: ba03d401ab539eb4195d7b5143366741, type: 3}
      propertyPath: trackerBaseBehaviour
      value: 
      objectReference: {fileID: 0}
    - target: {fileID: 11439474, guid: ba03d401ab539eb4195d7b5143366741, type: 3}
      propertyPath: trackerBaseBehaviourHasSet
      value: 1
      objectReference: {fileID: 0}
    - target: {fileID: 11439474, guid: ba03d401ab539eb4195d7b5143366741, type: 3}
      propertyPath: Path
      value: Q_knowl_2.png
      objectReference: {fileID: 0}
    - target: {fileID: 11439474, guid: ba03d401ab539eb4195d7b5143366741, type: 3}
      propertyPath: Name
      value: Q_knowl_2
      objectReference: {fileID: 0}
    - target: {fileID: 11439474, guid: ba03d401ab539eb4195d7b5143366741, type: 3}
      propertyPath: Size.x
      value: 108
      objectReference: {fileID: 0}
    - target: {fileID: 11439474, guid: ba03d401ab539eb4195d7b5143366741, type: 3}
      propertyPath: Size.y
      value: 166
      objectReference: {fileID: 0}
    - target: {fileID: 11439474, guid: ba03d401ab539eb4195d7b5143366741, type: 3}
      propertyPath: Storage
      value: 1
      objectReference: {fileID: 0}
    m_RemovedComponents: []
  m_SourcePrefab: {fileID: 100100000, guid: ba03d401ab539eb4195d7b5143366741, type: 3}
--- !u!1 &3030669515209625636 stripped
GameObject:
  m_CorrespondingSourceObject: {fileID: 155404, guid: ba03d401ab539eb4195d7b5143366741,
    type: 3}
  m_PrefabInstance: {fileID: 3030669515209740072}
  m_PrefabAsset: {fileID: 0}
--- !u!4 &3030669515209342404 stripped
Transform:
  m_CorrespondingSourceObject: {fileID: 455404, guid: ba03d401ab539eb4195d7b5143366741,
    type: 3}
  m_PrefabInstance: {fileID: 3030669515209740072}
  m_PrefabAsset: {fileID: 0}
--- !u!1001 &3030669515340426852
PrefabInstance:
  m_ObjectHideFlags: 0
  serializedVersion: 2
  m_Modification:
    m_TransformParent: {fileID: 3030669514918464881}
    m_Modifications:
    - target: {fileID: 0}
      propertyPath: m_Mesh
      value: 
      objectReference: {fileID: 0}
    - target: {fileID: 155404, guid: ba03d401ab539eb4195d7b5143366741, type: 3}
      propertyPath: m_Name
      value: Q_knowl_5_ob
      objectReference: {fileID: 0}
    - target: {fileID: 155404, guid: ba03d401ab539eb4195d7b5143366741, type: 3}
      propertyPath: m_IsActive
      value: 1
      objectReference: {fileID: 0}
    - target: {fileID: 155404, guid: ba03d401ab539eb4195d7b5143366741, type: 3}
      propertyPath: m_TagString
      value: card
      objectReference: {fileID: 0}
    - target: {fileID: 455404, guid: ba03d401ab539eb4195d7b5143366741, type: 3}
      propertyPath: m_LocalPosition.x
      value: 0
      objectReference: {fileID: 0}
    - target: {fileID: 455404, guid: ba03d401ab539eb4195d7b5143366741, type: 3}
      propertyPath: m_LocalPosition.y
      value: 0
      objectReference: {fileID: 0}
    - target: {fileID: 455404, guid: ba03d401ab539eb4195d7b5143366741, type: 3}
      propertyPath: m_LocalPosition.z
      value: 0
      objectReference: {fileID: 0}
    - target: {fileID: 455404, guid: ba03d401ab539eb4195d7b5143366741, type: 3}
      propertyPath: m_LocalRotation.x
      value: -0
      objectReference: {fileID: 0}
    - target: {fileID: 455404, guid: ba03d401ab539eb4195d7b5143366741, type: 3}
      propertyPath: m_LocalRotation.y
      value: -0
      objectReference: {fileID: 0}
    - target: {fileID: 455404, guid: ba03d401ab539eb4195d7b5143366741, type: 3}
      propertyPath: m_LocalRotation.z
      value: -0
      objectReference: {fileID: 0}
    - target: {fileID: 455404, guid: ba03d401ab539eb4195d7b5143366741, type: 3}
      propertyPath: m_LocalRotation.w
      value: 1
      objectReference: {fileID: 0}
    - target: {fileID: 455404, guid: ba03d401ab539eb4195d7b5143366741, type: 3}
      propertyPath: m_RootOrder
      value: 4
      objectReference: {fileID: 0}
    - target: {fileID: 455404, guid: ba03d401ab539eb4195d7b5143366741, type: 3}
      propertyPath: m_LocalScale.x
      value: 166
      objectReference: {fileID: 0}
    - target: {fileID: 455404, guid: ba03d401ab539eb4195d7b5143366741, type: 3}
      propertyPath: m_LocalScale.y
      value: 166
      objectReference: {fileID: 0}
    - target: {fileID: 455404, guid: ba03d401ab539eb4195d7b5143366741, type: 3}
      propertyPath: m_LocalScale.z
      value: 166
      objectReference: {fileID: 0}
    - target: {fileID: 11439474, guid: ba03d401ab539eb4195d7b5143366741, type: 3}
      propertyPath: trackerBaseBehaviour
      value: 
      objectReference: {fileID: 0}
    - target: {fileID: 11439474, guid: ba03d401ab539eb4195d7b5143366741, type: 3}
      propertyPath: trackerBaseBehaviourHasSet
      value: 1
      objectReference: {fileID: 0}
    - target: {fileID: 11439474, guid: ba03d401ab539eb4195d7b5143366741, type: 3}
      propertyPath: Path
      value: Q_knowl_5.png
      objectReference: {fileID: 0}
    - target: {fileID: 11439474, guid: ba03d401ab539eb4195d7b5143366741, type: 3}
      propertyPath: Name
      value: Q_knowl_5
      objectReference: {fileID: 0}
    - target: {fileID: 11439474, guid: ba03d401ab539eb4195d7b5143366741, type: 3}
      propertyPath: Size.x
      value: 108
      objectReference: {fileID: 0}
    - target: {fileID: 11439474, guid: ba03d401ab539eb4195d7b5143366741, type: 3}
      propertyPath: Size.y
      value: 166
      objectReference: {fileID: 0}
    - target: {fileID: 11439474, guid: ba03d401ab539eb4195d7b5143366741, type: 3}
      propertyPath: Storage
      value: 1
      objectReference: {fileID: 0}
    m_RemovedComponents: []
  m_SourcePrefab: {fileID: 100100000, guid: ba03d401ab539eb4195d7b5143366741, type: 3}
--- !u!1 &3030669515340575080 stripped
GameObject:
  m_CorrespondingSourceObject: {fileID: 155404, guid: ba03d401ab539eb4195d7b5143366741,
    type: 3}
  m_PrefabInstance: {fileID: 3030669515340426852}
  m_PrefabAsset: {fileID: 0}
--- !u!4 &3030669515340799112 stripped
Transform:
  m_CorrespondingSourceObject: {fileID: 455404, guid: ba03d401ab539eb4195d7b5143366741,
    type: 3}
  m_PrefabInstance: {fileID: 3030669515340426852}
  m_PrefabAsset: {fileID: 0}
--- !u!1001 &3030669515388400923
PrefabInstance:
  m_ObjectHideFlags: 0
  serializedVersion: 2
  m_Modification:
    m_TransformParent: {fileID: 3030669514918464881}
    m_Modifications:
    - target: {fileID: 0}
      propertyPath: m_Mesh
      value: 
      objectReference: {fileID: 0}
    - target: {fileID: 155404, guid: ba03d401ab539eb4195d7b5143366741, type: 3}
      propertyPath: m_Name
      value: Q_knowl_4_ob
      objectReference: {fileID: 0}
    - target: {fileID: 155404, guid: ba03d401ab539eb4195d7b5143366741, type: 3}
      propertyPath: m_IsActive
      value: 1
      objectReference: {fileID: 0}
    - target: {fileID: 155404, guid: ba03d401ab539eb4195d7b5143366741, type: 3}
      propertyPath: m_TagString
      value: card
      objectReference: {fileID: 0}
    - target: {fileID: 455404, guid: ba03d401ab539eb4195d7b5143366741, type: 3}
      propertyPath: m_LocalPosition.x
      value: 0
      objectReference: {fileID: 0}
    - target: {fileID: 455404, guid: ba03d401ab539eb4195d7b5143366741, type: 3}
      propertyPath: m_LocalPosition.y
      value: 0
      objectReference: {fileID: 0}
    - target: {fileID: 455404, guid: ba03d401ab539eb4195d7b5143366741, type: 3}
      propertyPath: m_LocalPosition.z
      value: 0
      objectReference: {fileID: 0}
    - target: {fileID: 455404, guid: ba03d401ab539eb4195d7b5143366741, type: 3}
      propertyPath: m_LocalRotation.x
      value: -0
      objectReference: {fileID: 0}
    - target: {fileID: 455404, guid: ba03d401ab539eb4195d7b5143366741, type: 3}
      propertyPath: m_LocalRotation.y
      value: -0
      objectReference: {fileID: 0}
    - target: {fileID: 455404, guid: ba03d401ab539eb4195d7b5143366741, type: 3}
      propertyPath: m_LocalRotation.z
      value: -0
      objectReference: {fileID: 0}
    - target: {fileID: 455404, guid: ba03d401ab539eb4195d7b5143366741, type: 3}
      propertyPath: m_LocalRotation.w
      value: 1
      objectReference: {fileID: 0}
    - target: {fileID: 455404, guid: ba03d401ab539eb4195d7b5143366741, type: 3}
      propertyPath: m_RootOrder
      value: 3
      objectReference: {fileID: 0}
    - target: {fileID: 455404, guid: ba03d401ab539eb4195d7b5143366741, type: 3}
      propertyPath: m_LocalScale.x
      value: 166
      objectReference: {fileID: 0}
    - target: {fileID: 455404, guid: ba03d401ab539eb4195d7b5143366741, type: 3}
      propertyPath: m_LocalScale.y
      value: 166
      objectReference: {fileID: 0}
    - target: {fileID: 455404, guid: ba03d401ab539eb4195d7b5143366741, type: 3}
      propertyPath: m_LocalScale.z
      value: 166
      objectReference: {fileID: 0}
    - target: {fileID: 11439474, guid: ba03d401ab539eb4195d7b5143366741, type: 3}
      propertyPath: trackerBaseBehaviour
      value: 
      objectReference: {fileID: 0}
    - target: {fileID: 11439474, guid: ba03d401ab539eb4195d7b5143366741, type: 3}
      propertyPath: trackerBaseBehaviourHasSet
      value: 1
      objectReference: {fileID: 0}
    - target: {fileID: 11439474, guid: ba03d401ab539eb4195d7b5143366741, type: 3}
      propertyPath: Path
      value: Q_knowl_4.png
      objectReference: {fileID: 0}
    - target: {fileID: 11439474, guid: ba03d401ab539eb4195d7b5143366741, type: 3}
      propertyPath: Name
      value: Q_knowl_4
      objectReference: {fileID: 0}
    - target: {fileID: 11439474, guid: ba03d401ab539eb4195d7b5143366741, type: 3}
      propertyPath: Size.x
      value: 108
      objectReference: {fileID: 0}
    - target: {fileID: 11439474, guid: ba03d401ab539eb4195d7b5143366741, type: 3}
      propertyPath: Size.y
      value: 166
      objectReference: {fileID: 0}
    - target: {fileID: 11439474, guid: ba03d401ab539eb4195d7b5143366741, type: 3}
      propertyPath: Storage
      value: 1
      objectReference: {fileID: 0}
    - target: {fileID: 11439474, guid: ba03d401ab539eb4195d7b5143366741, type: 3}
      propertyPath: ActiveTargetOnStart
      value: 1
      objectReference: {fileID: 0}
    m_RemovedComponents: []
  m_SourcePrefab: {fileID: 100100000, guid: ba03d401ab539eb4195d7b5143366741, type: 3}
--- !u!4 &3030669515388241911 stripped
Transform:
  m_CorrespondingSourceObject: {fileID: 455404, guid: ba03d401ab539eb4195d7b5143366741,
    type: 3}
  m_PrefabInstance: {fileID: 3030669515388400923}
  m_PrefabAsset: {fileID: 0}
--- !u!1 &3030669515388545559 stripped
GameObject:
  m_CorrespondingSourceObject: {fileID: 155404, guid: ba03d401ab539eb4195d7b5143366741,
    type: 3}
  m_PrefabInstance: {fileID: 3030669515388400923}
  m_PrefabAsset: {fileID: 0}
--- !u!1001 &3030669515412542739
PrefabInstance:
  m_ObjectHideFlags: 0
  serializedVersion: 2
  m_Modification:
    m_TransformParent: {fileID: 3030669514918464881}
    m_Modifications:
    - target: {fileID: 0}
      propertyPath: m_Mesh
      value: 
      objectReference: {fileID: 0}
    - target: {fileID: 155404, guid: ba03d401ab539eb4195d7b5143366741, type: 3}
      propertyPath: m_Name
      value: Q_knowl_3_ob
      objectReference: {fileID: 0}
    - target: {fileID: 155404, guid: ba03d401ab539eb4195d7b5143366741, type: 3}
      propertyPath: m_IsActive
      value: 1
      objectReference: {fileID: 0}
    - target: {fileID: 155404, guid: ba03d401ab539eb4195d7b5143366741, type: 3}
      propertyPath: m_TagString
      value: card
      objectReference: {fileID: 0}
    - target: {fileID: 455404, guid: ba03d401ab539eb4195d7b5143366741, type: 3}
      propertyPath: m_LocalPosition.x
      value: 0
      objectReference: {fileID: 0}
    - target: {fileID: 455404, guid: ba03d401ab539eb4195d7b5143366741, type: 3}
      propertyPath: m_LocalPosition.y
      value: 0
      objectReference: {fileID: 0}
    - target: {fileID: 455404, guid: ba03d401ab539eb4195d7b5143366741, type: 3}
      propertyPath: m_LocalPosition.z
      value: 0
      objectReference: {fileID: 0}
    - target: {fileID: 455404, guid: ba03d401ab539eb4195d7b5143366741, type: 3}
      propertyPath: m_LocalRotation.x
      value: -0
      objectReference: {fileID: 0}
    - target: {fileID: 455404, guid: ba03d401ab539eb4195d7b5143366741, type: 3}
      propertyPath: m_LocalRotation.y
      value: -0
      objectReference: {fileID: 0}
    - target: {fileID: 455404, guid: ba03d401ab539eb4195d7b5143366741, type: 3}
      propertyPath: m_LocalRotation.z
      value: -0
      objectReference: {fileID: 0}
    - target: {fileID: 455404, guid: ba03d401ab539eb4195d7b5143366741, type: 3}
      propertyPath: m_LocalRotation.w
      value: 1
      objectReference: {fileID: 0}
    - target: {fileID: 455404, guid: ba03d401ab539eb4195d7b5143366741, type: 3}
      propertyPath: m_RootOrder
      value: 2
      objectReference: {fileID: 0}
    - target: {fileID: 455404, guid: ba03d401ab539eb4195d7b5143366741, type: 3}
      propertyPath: m_LocalScale.x
      value: 166
      objectReference: {fileID: 0}
    - target: {fileID: 455404, guid: ba03d401ab539eb4195d7b5143366741, type: 3}
      propertyPath: m_LocalScale.y
      value: 166
      objectReference: {fileID: 0}
    - target: {fileID: 455404, guid: ba03d401ab539eb4195d7b5143366741, type: 3}
      propertyPath: m_LocalScale.z
      value: 166
      objectReference: {fileID: 0}
    - target: {fileID: 11439474, guid: ba03d401ab539eb4195d7b5143366741, type: 3}
      propertyPath: trackerBaseBehaviour
      value: 
      objectReference: {fileID: 0}
    - target: {fileID: 11439474, guid: ba03d401ab539eb4195d7b5143366741, type: 3}
      propertyPath: trackerBaseBehaviourHasSet
      value: 1
      objectReference: {fileID: 0}
    - target: {fileID: 11439474, guid: ba03d401ab539eb4195d7b5143366741, type: 3}
      propertyPath: Path
      value: Q_knowl_3.png
      objectReference: {fileID: 0}
    - target: {fileID: 11439474, guid: ba03d401ab539eb4195d7b5143366741, type: 3}
      propertyPath: Name
      value: Q_knowl_3
      objectReference: {fileID: 0}
    - target: {fileID: 11439474, guid: ba03d401ab539eb4195d7b5143366741, type: 3}
      propertyPath: Size.x
      value: 108
      objectReference: {fileID: 0}
    - target: {fileID: 11439474, guid: ba03d401ab539eb4195d7b5143366741, type: 3}
      propertyPath: Size.y
      value: 166
      objectReference: {fileID: 0}
    - target: {fileID: 11439474, guid: ba03d401ab539eb4195d7b5143366741, type: 3}
      propertyPath: Storage
      value: 1
      objectReference: {fileID: 0}
    m_RemovedComponents: []
  m_SourcePrefab: {fileID: 100100000, guid: ba03d401ab539eb4195d7b5143366741, type: 3}
--- !u!4 &3030669515412465663 stripped
Transform:
  m_CorrespondingSourceObject: {fileID: 455404, guid: ba03d401ab539eb4195d7b5143366741,
    type: 3}
  m_PrefabInstance: {fileID: 3030669515412542739}
  m_PrefabAsset: {fileID: 0}
--- !u!1 &3030669515412687391 stripped
GameObject:
  m_CorrespondingSourceObject: {fileID: 155404, guid: ba03d401ab539eb4195d7b5143366741,
    type: 3}
  m_PrefabInstance: {fileID: 3030669515412542739}
  m_PrefabAsset: {fileID: 0}
